<?xml version="1.0" encoding="UTF-8"?><collection xmlns="http://www.loc.gov/MARC21/slim"><record><leader>00576nam--2200193-i-4500</leader><controlfield tag="001">000012068</controlfield><controlfield tag="002">20161230</controlfield><controlfield tag="005">20161230201029</controlfield><controlfield tag="008">060222s1000------------r-----000-0-ger-d</controlfield><datafield ind1=" " ind2=" " tag="040"><subfield code="a">IFIN-HH</subfield></datafield><datafield ind1=" " ind2=" " tag="041"><subfield code="a">ger</subfield></datafield><datafield ind1=" " ind2=" " tag="080"><subfield code="a">547.2:547.29:547.7/8</subfield></datafield><datafield ind1="1" ind2=" " tag="100"><subfield code="a">Bauer, Hugo</subfield></datafield><datafield ind1="1" ind2="0" tag="245"><subfield code="a">Chemie der kohlenstoffverbindungen</subfield><subfield code="b">Vol. i aliphatische verindungen erster teil zweite, verbesserte auflage</subfield><subfield code="c">Hugo bauer</subfield></datafield><datafield ind1=" " ind2=" " tag="260"><subfield code="a">Berlin</subfield><subfield code="b">G.J.Goschen Sche Verlagshandlung</subfield><subfield code="c">1912</subfield></datafield><datafield ind1=" " ind2=" " tag="300"><subfield code="a">131P</subfield></datafield><datafield ind1=" " ind2=" " tag="490"><subfield code="a">Sammlung Gaschen</subfield></datafield><datafield ind1=" " ind2=" " tag="852"><subfield code="a">44466</subfield><subfield code="c">H.H</subfield></datafield><datafield ind1=" " ind2=" " tag="CAT"><subfield code="a">Sys</subfield><subfield code="c">20130405</subfield><subfield code="h">145424</subfield></datafield></record></collection>